<?xml version="1.0" encoding="UTF-8"?><collection xmlns="http://www.loc.gov/MARC21/slim"><record><leader>00617nam--2200193-i-4500</leader><controlfield tag="001">000017813</controlfield><controlfield tag="002">20161230</controlfield><controlfield tag="005">20161230201032</controlfield><controlfield tag="008">060222s1000------------r-----000-0-eng-d</controlfield><datafield ind1=" " ind2=" " tag="040"><subfield code="a">IFIN-HH</subfield></datafield><datafield ind1=" " ind2=" " tag="080"><subfield code="a">535:621.375.826:778.4:534.8(061.3)</subfield></datafield><datafield ind1="1" ind2=" " tag="100"><subfield code="a">Wade, Glen</subfield></datafield><datafield ind1="1" ind2="0" tag="245"><subfield code="a">Acoustical holography</subfield><subfield code="b">Proceedings of the fourth international symposium on acoustical holography, held in santa barbara, california, april 10-12, 1972</subfield><subfield code="c">GLEN WADE (Ed.)</subfield></datafield><datafield ind1=" " ind2=" " tag="260"><subfield code="a">LONDON</subfield><subfield code="b">Plenum Press</subfield><subfield code="c">1972</subfield></datafield><datafield ind1=" " ind2=" " tag="300"><subfield code="a">740 p</subfield></datafield><datafield ind1=" " ind2=" " tag="490"><subfield code="a">Proceedings</subfield></datafield><datafield ind1=" " ind2=" " tag="787"><subfield code="a">Vol. 4</subfield></datafield><datafield ind1=" " ind2=" " tag="852"><subfield code="a">36612</subfield><subfield code="c">535</subfield></datafield><datafield ind1=" " ind2=" " tag="CAT"><subfield code="a">Sys</subfield><subfield code="c">20101102</subfield><subfield code="h">144904</subfield></datafield></record></collection>